















@article{pelaez2003metodos,
title={Métodos experimentales para el seguimiento y estudio de la erosión hídrica},
author={Peláez, Juan Diego León},
journal={Gestión y Ambiente},
volume={6},
number={1},
pages={39--56},
year={2003}
}@inproceedings{ibarlucia2017desarrollo,
title={Desarrollo e implementación de un sistema automático para el monitoreo de eventos hidrológicos extremos},
author={Ibarlucía, Daniela and Rivas, Raúl Eduardo and Mancino, Christian Alberto and Carmona, Facundo and Cazenave, Georgina and Bayala, Martín Ignacio and Holzman, Mauro and Degano, María Florencia and Farami{\~n}án, Adán and Olivera, P and others},
booktitle={Congreso Nacional Del Agua},
volume={26},
year={2017}
}
@article{viessman1977hydrologic,
title={Hydrologic abstractions},
author={Viessman Jr, Warren and Knapp, WJ and Lewis, LG and Harbaugh, ET},
journal={Introduction to Hydrology. Thomas Y., Crowell, Harper \& Row, Publisher Inc., New York},
pages={704},
year={1977}
}
@article{mateus2002globalizacion,
  title={La globalización: sus efectos y bondades},
  author={Mateus, Julián Ramiro and Brasset, David William},
  journal={Economía y desarrollo},
  volume={1},
  number={1},
  pages={65--77},
  year={2002}
}
@article{bini2009coefficient,
title={Coefficient shifts in geographical ecology: an empirical evaluation of spatial and non-spatial regression},
author={Bini, L Mauricio and Diniz-Filho, J Alexandre F and Rangel, Thiago FLVB and Akre, Thomas SB and Albaladejo, Rafael G and Albuquerque, Fabio S and Aparicio, Abelardo and Araujo, Miguel B and Baselga, Andres and Beck, Jan and others},
journal={Ecography},
pages={193--204},
year={2009},
publisher={JSTOR}
}
@incollection{bogardi2016water,
title={Water security: past, present and future of a controversial concept},
author={Bogardi, Janos and Spring, úrsula Oswald and Brauch, Hans G{\"u}nter},
booktitle={Handbook on water security},
year={2016},
publisher={Edward Elgar Publishing}
}
@misc{chandler1962strategy,
title={Strategy and structure: Concepts in the History of the Industrial Enterprise},
author={Chandler Jr, Alfred D},
year={1962},
publisher={MiT Press, Casender, Ma}
}
@article{streitwieser1963isotope,
title={Isotope effects on acidity of deuterated formic, acetic, pivalic, and benzoic acids},
author={Streitwieser, A and Klein, HS},
journal={Journal of the American Chemical Society},
volume={85},
number={18},
pages={2759--2763},
year={1963},
publisher={ACS Publications}
}
@article{wellens2008necesidades,
title={RÁCTICAS HIDROLÓGICAS DE DATOS, ADQUISICIÓN Y PROCESO},
author={OMM-N 168},
journal={Boletín de la OMM},
volume={57},
number={5},
pages={818},
year={1994}
}
@article{arellano2014estimacion,
title={Estimación del potencial de tormentas vía la combinación de imágenes satelitales e información meteorológica: caso de estudio al noroeste de México},
author={Arellano-Lara, Fabiola and Escalante-Sandoval, Carlos},
journal={Tecnología y ciencias del agua},
volume={5},
number={5},
pages={39--61},
year={2014},
publisher={Instituto Mexicano de Tecnología del Agua}
}
@article{arana1996tratamiento,
title={Tratamiento de aguas residuales para reuso agrícola industrial y urbano},
author={Arana Muñoz, Omar Elmer},
year={1996}
}
@article{cortes1997reuso,
title={El Reuso del Agua en México},
author={Cortés, Felipe I Arreguín and Chávez, Gabriela Moeller and Estrada, Violeta Escalante and Hernández, Armando Rivas},
journal={Instituto Mexicano de Tecnología del Agua},
year={1997}
}
@article{las1973norma,
title={NORMA OFICIAL MEXICANA NOM-003-ECOL-1997, QUE ESTABLECE LOS LIMITES MAXIMOS PERMISIBLES DE CONTAM INANTES PARA LAS AGUAS RESIDUALES TRATADAS QUE SE REUSEN EN SERVICIOS AL PUBLICO INDICE},
author={LAS AGUAS, PERMISIBLES DE CONTAMINANTES PARA},
journal={Norma},
year={1973}
}
@article{cruz2013precio,
title={Precio del agua (subsector agua potable, alcantarillado y saneamiento)},
author={Cruz Gutiérrez, Flor and Celis Rodríguez, Fidel and Sainos Candelario, Arizabeth and others},
year={2013},
publisher={IMTA. Coordinación de Desarrollo Profesional e Institucional}
}
@article{palacios1970instructivo,
title={Instructivo para el muestreo, registro de datos e interpretación de la calidad del agua para riego agrícola. Colegio de Postgraduados. Chapingo, México},
author={Palacios, V and Aceves, N},
year={1970}
}
@article{keller1956results,
title={Results of USDA-sponsored Research Tests on Cockroach Control.},
author={Keller, JC and Claek, PH and Lofgrbn, CS and Wilson, HG and others},
journal={Pest Control},
volume={24},
number={9},
year={1956},
publisher={Painesville, Ohio}
}
@book{taylor1973principios,
title={Principios de administración científica},
author={Taylor, Frederick Winslow and Fayol, Henri},
year={1973},
institution={El Ateneo Buenos Aires}
}
@book{chow1964handbook,
  title={Handbook of applied hydrology: a compendium of water-resources technology},
  author={Chow, Ven Te},
  booktitle={Handbook of applied hydrology: a compendium of water-resources technology},
  pages={1525--1525},
  year={1964}
}
@book{boylestad2004introduccion,
  title={Introducción al análisis de circuitos},
  author={Boylestad, Robert L},
  year={2004},
  publisher={Pearson Educación}
}
@book{strang1993introduction,
  title={Introduction to linear algebra},
  author={Strang, Gilbert and Strang, Gilbert and Strang, Gilbert and Strang, Gilbert},
  volume={3},
  year={1993},
  publisher={Wellesley-Cambridge Press Wellesley, MA}
}
@article{andersen1994program,
  title  = {Program analysis and specialization for the C programming language},
  author = {Andersen, Lars Ole},
  year   = {1994},
  school = {Citeseer}
}


@article{Cardenas1964,
  author  = {Cárdenas, C.},
  title   = {Desarrollo Integral de Cuencas Hidrológicas, Regiones por Desarrollar en México},
  journal = {SEMARNAT.},
  volume  = {1569},
  year    = {1964},
  pages   = {36}
}

@book{chang2013,
  title     = {Química},
  author    = {Raymond Chang, Kenneth A. Goldsby},
  isbn      = {978-607-15-0928-4},
  series    = {The McGraw-Hill Companies, Inc.},
  year      = {2013},
  publisher = {Florida State University},
  keywords  = {química}
}

@article{de1958fomento,
  title   = {Fomento para la Agricultura},
  author  = {de Garantía, Fondo},
  journal = {Ganadería y Avicultura, FIRA (Informe 1956-1958), texto inédito},
  year    = {1958}
}

@article{Eduardo2018,
  author  = {Arteaga, Eduardo},
  title   = {INTRODUCCION A LA INGENIERIA EN IRRIGACION},
  journal = {Universidad Autónoma Chapingo},
  volume  = {4},
  year    = {2018},
  pages   = {2-53}
}

@article{federal1996programa,
  title   = {Programa Hidráulico 1995-2000},
  author  = {Federal, Poder Ejecutivo},
  journal = {Dirección de Comunicación Social SEMARNAP y Unidad de Comunicación de la CNA. México},
  year    = {1996}
}

@book{gurevich2012algorithm,
  title        = {What is an algorithm?},
  author       = {Gurevich, Yuri},
  booktitle    = {International conference on current trends in theory and practice of computer science},
  pages        = {31--42},
  year         = {2012},
  organization = {Springer}
}

@article{hill2016algorithm,
  title     = {What an algorithm is},
  author    = {Hill, Robin K},
  journal   = {Philosophy \& Technology},
  volume    = {29},
  number    = {1},
  pages     = {35--59},
  year      = {2016},
  publisher = {Springer}
}

@book{holly2007matlab,
  title     = {Matlab para ingenieros},
  author    = {Holly, Moore},
  year      = {2007},
  publisher = {Pearson Educación}
}

@book{li2012gamicad,
  title     = {GamiCAD: a gamified tutorial system for first time autocad users},
  author    = {Li, Wei and Grossman, Tovi and Fitzmaurice, George},
  booktitle = {Proceedings of the 25th annual ACM symposium on User interface software and technology},
  pages     = {103--112},
  year      = {2012}
}

@book{moschovakis2001algorithm,
  title     = {What is an algorithm?},
  author    = {Moschovakis, Yiannis N},
  booktitle = {Mathematics unlimited—2001 and beyond},
  pages     = {919--936},
  year      = {2001},
  publisher = {Springer}
}

@article{Muñoz1976,
  author  = {Muñoz V., J.},
  title   = {Plan Agrícola Nacional},
  journal = {SAG},
  volume  = {4},
  year    = {1976},
  pages   = {20}
}

@article{Orive1970,
  author  = {Orive, Adolfo},
  title   = {La política de irrigación en México},
  journal = {Fondo De Cultura Económica},
  volume  = {4},
  year    = {1970},
  pages   = {200}
}

@article{rudiño1999,
  author  = {Rudiño, Lourdes},
  title   = {México, Arrastrado por la Dependencia Alimentaria},
  journal = {El Financiero},
  volume  = {4},
  year    = {1999},
  pages   = {24}
}

